@misc{rush_tauritz, title={{CIAO Plots}}, author={Rush, George and Tauritz, Daniel}, year={2020}}
@misc{stutipathak31jan_2020, title={Shortest path in a {Binary Maze}}, url={https://www.geeksforgeeks.org/shortest-path-in-a-binary-maze/}, journal={GeeksforGeeks}, author={stutipathak31jan}, year={2020}, month={Oct}, note = {Avaialable at https://www.geeksforgeeks.org/shortest-path-in-a-binary-maze/}} 